@ONLINE{1,
  AUTHOR       = {Scherschel Fabian A},
  TITLE        = {So funktioniert der Heartbleed Exploit},
  URL          = {http://heise.de/-2168010},
  NOTE		=	"(Stand: 23.05.2015)"
}

@ONLINE{2,
  AUTHOR	=	{Kallnik Stephan and Pape Daniel and Schröter Daniel and Strobel Stefan},
  TITLE		=	"Das Sicherheitsloch",
  SUBTITLE	=	"Buffer-Overflows und wie man sich davor schützt.",
  URL		=	{http://heise.de/-285320},
  NOTE		=	"(Stand: 23.05.2015)"
}

@MANUAL{3,
  TITLE		=	"PHP Manual",
  URL		=	{http://us2.php.net/manual/de/function.mysql-query.php},
  NOTE		=	"(Stand: 17.06.2015)"
}

@MANUAL{4,
  TITLE		=	"PHP Manual",
  URL		=	{http://php.net/manual/de/function.mysql-real-escape-string.php},
  NOTE		=	"(Stand: 31.05.2015)"
}

@ARTICLE{5,
  AUTHOR	=	{Koenen Jens and Inacker Michael and Delhaes Daniel and Stratman Klaus},
  TITLE		=	{Ärger über einen Freund},
  JOURNAL	=	{Handelsblatt},
  YEAR		=	"2013",
  NUMBER	=	"109",
  PAGES		=	"2"
}

@BOOK{6,
  AUTHOR	=	{Ziegler Manuel},
  TITLE		=	"Web Hacking",
  SUBTITLE	=	"Sicherheitslücken in Webanwendungen - Lösungswege für Entwickler",
  ADDRESS	=	"München",
  YEAR		=	"2014"
}

@ONLINE{7,
  TITLE		=	"PSN/Qriocity Service Update",
  URL		=	{http://blog.de.playstation.com/2011/04/26/psnqriocity-service-update/},
  NOTE		=	"(Stand: 20.06.2015)"
}

@ONLINE{8,
  TITLE		=	"Angriff auf Playstation Network",
  SUBTITLE	=	"Persönliche Daten von Millionen Kunden gestohlen",
  URL		=	{http://heise.de/-1233136},
  NOTE		=	"(Stand: 20.06.2015)"
}

@ONLINE{9,
  AUTHOR	=	{Scherschel Fabian A},
  TITLE		=	"So funktioniert der Heartbleed-Exploit",
  URL		=	{http://heise.de/-2168010},
  NOTE		=	"(Stand: 24.06.2015)"
}

@ONLINE{10,
  TITLE		=	"Exploiting Heartbleed",
  URL		=	{http://resources.infosecinstitute.com/exploiting-heartbleed/},
  NOTE		=	"(Stand: 24.06.2015)"
}